@article{oiry2024discriminating,
  title={Discriminating Seagrasses from Green Macroalgae in European Intertidal Areas Using High Resolution Multispectral Drone Imagery},
  author={Oiry, Simon and Davies, Bede Ffinian Rowe and Rosa, Philippe and Zoffoli, Maria Laura and Brunier, Guillaume and Sousa, Ana Isabel and Gernez, Pierre and Barill{\'e}, Laurent},
  journal={Available at SSRN 4819378},
  year={2024}
}