@article{bastos2023high,
  title={High risk water pollution hazards affecting Aveiro coastal lagoon (Portugal)--A habitat risk assessment using InVEST},
  author={Bastos, MI and Roebeling, PC and Alves, Fatima Lopes and Villasante, S and Magalh{\~a}es Filho, L},
  journal={Ecological Informatics},
  volume={76},
  pages={102144},
  year={2023},
  publisher={Elsevier}
}

@article{strydom2020too,
  title={Too hot to handle: Unprecedented seagrass death driven by marine heatwave in a World Heritage Area},
  author={Strydom, Simone and Murray, Kathy and Wilson, Shaun and Huntley, Bart and Rule, Michael and Heithaus, Michael and Bessey, Cindy and Kendrick, Gary A and Burkholder, Derek and Fraser, Matthew W and others},
  journal={Global change biology},
  volume={26},
  number={6},
  pages={3525--3538},
  year={2020},
  publisher={Wiley Online Library}
}

@article{thomson2015extreme,
  title={Extreme temperatures, foundation species, and abrupt ecosystem change: an example from an iconic seagrass ecosystem},
  author={Thomson, Jordan A and Burkholder, Derek A and Heithaus, Michael R and Fourqurean, James W and Fraser, Matthew W and Statton, John and Kendrick, Gary A},
  journal={Global change biology},
  volume={21},
  number={4},
  pages={1463--1474},
  year={2015},
  publisher={Wiley Online Library}
}

@article{moore2008environmental,
  title={Environmental factors affecting recent summertime eelgrass diebacks in the lower Chesapeake Bay: implications for long-term persistence},
  author={Moore, Kenneth A and Jarvis, Jessie C},
  journal={Journal of Coastal Research},
  number={10055},
  pages={135--147},
  year={2008}
}

@article{marba2010mediterranean,
  title={Mediterranean warming triggers seagrass (Posidonia oceanica) shoot mortality},
  author={Marb{\`a}, N{\'u}ria and Duarte, Carlos M},
  journal={Global change biology},
  volume={16},
  number={8},
  pages={2366--2375},
  year={2010},
  publisher={Wiley Online Library}
}

@article{carlson2018sea,
  title={Sea surface temperatures and seagrass mortality in Florida Bay: spatial and temporal patterns discerned from MODIS and AVHRR data},
  author={Carlson, Daniel F and Yarbro, Laura A and Scolaro, Sheila and Poniatowski, Michael and McGee-Absten, Vicki and Carlson Jr, Paul R},
  journal={Remote Sensing of Environment},
  volume={208},
  pages={171--188},
  year={2018},
  publisher={Elsevier}
}

@article{unsworth2021seagrass,
  title={Seagrass meadows provide a significant resource in support of avifauna},
  author={Unsworth, Richard KF and Butterworth, Emma G},
  journal={Diversity},
  volume={13},
  number={8},
  pages={363},
  year={2021},
  publisher={MDPI}
}
@article{green2021historical,
  title={Historical analysis exposes catastrophic seagrass loss for the United Kingdom},
  author={Green, Alix E and Unsworth, Richard KF and Chadwick, Michael A and Jones, Peter JS},
  journal={Frontiers in plant science},
  volume={12},
  pages={629962},
  year={2021},
  publisher={Frontiers}
}

@article{gladstone2018biomass,
  title={Biomass-dependent seagrass resilience to sediment eutrophication},
  author={Gladstone-Gallagher, Rebecca V and Hughes, Ryan W and Douglas, Emily J and Pilditch, Conrad A},
  journal={Journal of Experimental Marine Biology and Ecology},
  volume={501},
  pages={54--64},
  year={2018},
  publisher={Elsevier}
}

@article{infantes2022seagrass,
  title={Seagrass roots strongly reduce cliff erosion rates in sandy sediments},
  author={Infantes, Eduardo and Hoeks, Selwyn and Adams, Matthew P and van der Heide, Tjisse and van Katwijk, Marieke M and Bouma, Tjeerd J},
  journal={Marine Ecology Progress Series},
  volume={700},
  pages={1--12},
  year={2022}
}

@Manual{Rbase,
  title = {R: A Language and Environment for Statistical Computing},
  author = {{R Core Team}},
  organization = {R Foundation for Statistical Computing},
  address = {Vienna, Austria},
  year = {2023},
  url = {https://www.R-project.org/},
}

@article{roman2021using,
  title={Using a UAV-Mounted multispectral camera for the monitoring of marine macrophytes},
  author={Rom{\'a}n, Alejandro and Tovar-S{\'a}nchez, Antonio and Oliv{\'e}, Irene and Navarro, Gabriel},
  journal={Frontiers in Marine Science},
  volume={8},
  pages={722698},
  year={2021},
  publisher={Frontiers Media SA}
}

@Article{rs16234383,
AUTHOR = {Oiry, Simon and Davies, Bede Ffinian Rowe and Sousa, Ana I. and Rosa, Philippe and Zoffoli, Maria Laura and Brunier, Guillaume and Gernez, Pierre and Barillé, Laurent},
TITLE = {Discriminating Seagrasses from Green Macroalgae in European Intertidal Areas Using High-Resolution Multispectral Drone Imagery},
JOURNAL = {Remote Sensing},
VOLUME = {16},
YEAR = {2024},
NUMBER = {23},
ARTICLE-NUMBER = {4383},
URL = {https://www.mdpi.com/2072-4292/16/23/4383},
ISSN = {2072-4292},
ABSTRACT = {Coastal areas support seagrass meadows, which offer crucial ecosystem services, including erosion control and carbon sequestration. However, these areas are increasingly impacted by human activities, leading to habitat fragmentation and seagrass decline. In situ surveys, traditionally performed to monitor these ecosystems, face limitations on temporal and spatial coverage, particularly in intertidal zones, prompting the addition of satellite data within monitoring programs. Yet, satellite remote sensing can be limited by too coarse spatial and/or spectral resolutions, making it difficult to discriminate seagrass from other macrophytes in highly heterogeneous meadows. Drone (unmanned aerial vehicle—UAV) images at a very high spatial resolution offer a promising solution to address challenges related to spatial heterogeneity and the intrapixel mixture. This study focuses on using drone acquisitions with a ten spectral band sensor similar to that onboard Sentinel-2 for mapping intertidal macrophytes at low tide (i.e., during a period of emersion) and effectively discriminating between seagrass and green macroalgae. Nine drone flights were conducted at two different altitudes (12 m and 120 m) across heterogeneous intertidal European habitats in France and Portugal, providing multispectral reflectance observation at very high spatial resolution (8 mm and 80 mm, respectively). Taking advantage of their extremely high spatial resolution, the low altitude flights were used to train a Neural Network classifier to discriminate five taxonomic classes of intertidal vegetation: Magnoliopsida (Seagrass), Chlorophyceae (Green macroalgae), Phaeophyceae (Brown algae), Rhodophyceae (Red macroalgae), and benthic Bacillariophyceae (Benthic diatoms), and validated using concomitant field measurements. Classification of drone imagery resulted in an overall accuracy of 94% across all sites and images, covering a total area of 467,000 m2. The model exhibited an accuracy of 96.4% in identifying seagrass. In particular, seagrass and green algae can be discriminated. The very high spatial resolution of the drone data made it possible to assess the influence of spatial resolution on the classification outputs, showing a limited loss in seagrass detection up to about 10 m. Altogether, our findings suggest that the MultiSpectral Instrument (MSI) onboard Sentinel-2 offers a relevant trade-off between its spatial and spectral resolution, thus offering promising perspectives for satellite remote sensing of intertidal biodiversity over larger scales.},
DOI = {10.3390/rs16234383}
}


@article{JSSv076i01,
 title={Stan: A Probabilistic Programming Language},
 volume={76},
 url={https://www.jstatsoft.org/index.php/jss/article/view/v076i01},
 doi={10.18637/jss.v076.i01},
 abstract={Stan is a probabilistic programming language for specifying statistical models. A Stan program imperatively defines a log probability function over parameters conditioned on specified data and constants. As of version 2.14.0, Stan provides full Bayesian inference for continuous-variable models through Markov chain Monte Carlo methods such as the No-U-Turn sampler, an adaptive form of Hamiltonian Monte Carlo sampling. Penalized maximum likelihood estimates are calculated using optimization methods such as the limited memory Broyden-Fletcher-Goldfarb-Shanno algorithm. Stan is also a platform for computing log densities and their gradients and Hessians, which can be used in alternative algorithms such as variational Bayes, expectation propagation, and marginal inference using approximate integration. To this end, Stan is set up so that the densities, gradients, and Hessians, along with intermediate quantities of the algorithm such as acceptance probabilities, are easily accessible. Stan can be called from the command line using the cmdstan package, through R using the rstan package, and through Python using the pystan package. All three interfaces support sampling and optimization-based inference with diagnostics and posterior analysis. rstan and pystan also provide access to log probabilities, gradients, Hessians, parameter transforms, and specialized plotting.},
 number={1},
 journal={Journal of Statistical Software},
 author={Carpenter, Bob and Gelman, Andrew and Hoffman, Matthew D. and Lee, Daniel and Goodrich, Ben and Betancourt, Michael and Brubaker, Marcus and Guo, Jiqiang and Li, Peter and Riddell, Allen},
 year={2017},
 pages={1–32}
}

@article{JSSv100i05,
 title={Bayesian Item Response Modeling in R with brms and Stan},
 volume={100},
 url={https://www.jstatsoft.org/index.php/jss/article/view/v100i05},
 doi={10.18637/jss.v100.i05},
 abstract={&amp;lt;p&amp;gt;Item response theory (IRT) is widely applied in the human sciences to model persons’ responses on a set of items measuring one or more latent constructs. While several R packages have been developed that implement IRT models, they tend to be restricted to respective pre-specified classes of models. Further, most implementations are frequentist while the availability of Bayesian methods remains comparably limited. I demonstrate how to use the R package brms together with the probabilistic programming language Stan to specify and fit a wide range of Bayesian IRT models using flexible and intuitive multilevel formula syntax. Further, item and person parameters can be related in both a linear or non-linear manner. Various distributions for categorical, ordinal, and continuous responses are supported. Users may even define their own custom response distribution for use in the presented framework. Common IRT model classes that can be specified natively in the presented framework include 1PL and 2PL logistic models optionally also containing guessing parameters, graded response and partial credit ordinal models, as well as drift diffusion models of response times coupled with binary decisions. Posterior distributions of item and person parameters can be conveniently extracted and postprocessed. Model fit can be evaluated and compared using Bayes factors and efficient cross-validation procedures.&amp;lt;/p&amp;gt;},
 number={5},
 journal={Journal of Statistical Software},
 author={Bürkner, Paul-Christian},
 year={2021},
 pages={1–54}
}

@article{stan2020rstan,
  title={RStan: the R interface to Stan},
  author={Stan Development Team, C and others},
  journal={R package version 2.21. 2},
  year={2020}
}

  @Manual{hsdar,
    title = {hsdar: Manage, analyse and simulate hyperspectral data in
      R},
    author = {Lukas W. Lehnert and Hanna Meyer and J\"{o}rg Bendix},
    year = {2017},
    note = {R package version 0.7.0},
  }

@misc{malvern_panalytical_rs3,
  author       = {{Malvern Panalytical}},
  title        = {RS3 Software},
  year         = {2023},
  url          = {https://www.malvernpanalytical.com/en/support/product-support/software/rs3},
  note         = {Accessed: 2024-11-14}
}

@misc{electricblue_intertidal_chamber,
  author       = {{Electric Blue}},
  title        = {Intertidal Chamber},
  year         = {2023},
  url          = {https://electricblue.eu/intertidal-chamber},
  note         = {Accessed: 2024-11-14}
}

@article{zahoor2023water,
  title={Water pollution from agricultural activities: A critical global review},
  author={Zahoor, Iqra and Mushtaq, Ayesha},
  journal={Int. J. Chem. Biochem. Sci},
  volume={23},
  number={1},
  pages={164--176},
  year={2023}
}

@article{jones1992leaf,
  title = {The role of photosynthesis and oxidative reactions in leaf blackening of Protea neriifolia R. Br. leaves},
  author = {Jones, R. B. and Clayton-Greene, K. A.},
  journal = {Scientia Horticulturae},
  volume = {50},
  pages = {137--145},
  year = {1992},
  publisher = {Elsevier Science Publishers B.V.},
  doi = {10.1016/S0304-4238(05)80016-0}
}

@article{samper2020characterization,
  title={Characterization of seagrasses at two new locations in the Eastern Tropical Pacific (El Jobo and Matapalito, Costa Rica)},
  author={Samper-Villarreal, Jimena and Bola{\~n}os, Rebeca Cambronero and Heidemeyer, Maike and Vargas, Marlon Mora and Vargas, Randall Mora},
  journal={Aquatic botany},
  volume={165},
  pages={103237},
  year={2020},
  publisher={Elsevier}
}

@article{armitage2016carbon,
  title={Carbon storage in seagrass soils: long-term nutrient history exceeds the effects of near-term nutrient enrichment},
  author={Armitage, AR and Fourqurean, James W},
  journal={Biogeosciences},
  volume={13},
  number={1},
  pages={313--321},
  year={2016},
  publisher={Copernicus Publications G{\"o}ttingen, Germany}
}

@article{unsworth2014biodiversity,
  title={Biodiversity, ecosystem services, and the conservation of seagrass meadows},
  author={Unsworth, RFK and Cullen-Unsworth, LEANNE C},
  journal={Coast. Conserv},
  volume={19},
  pages={95},
  year={2014}
}

@article{calleja2007relationship,
  title={The relationship between seagrass (Posidonia oceanica) decline and sulfide porewater concentration in carbonate sediments},
  author={Calleja, Maria Ll and Marb{\`a}, N{\'u}ria and Duarte, Carlos M},
  journal={Estuarine, Coastal and Shelf Science},
  volume={73},
  number={3-4},
  pages={583--588},
  year={2007},
  publisher={Elsevier}
}

@article{folmer2012seagrass,
  title={Seagrass--sediment feedback: an exploration using a non-recursive structural equation model},
  author={Folmer, Eelke O and van der Geest, Matthijs and Jansen, Erik and Olff, Han and Michael Anderson, T and Piersma, Theunis and van Gils, Jan A},
  journal={Ecosystems},
  volume={15},
  pages={1380--1393},
  year={2012},
  publisher={Springer}
}

@article{gacia1999approach,
  title={An approach to measurement of particle flux and sediment retention within seagrass (Posidonia oceanica) meadows},
  author={Gacia, E and Granata, TC and Duarte, CM},
  journal={Aquatic Botany},
  volume={65},
  number={1-4},
  pages={255--268},
  year={1999},
  publisher={Elsevier}
}

@article{zoffoli2023remote,
  title = {Remote sensing in seagrass ecology: coupled dynamics between migratory herbivorous birds and intertidal meadows observed by satellite during four decades},
  author = {Zoffoli, Maria Laura and Gernez, Pierre and Oiry, Simon and Godet, Laurent and Dalloyau, Sébastien and Davies, Bede Ffinian Rowe and Barillé, Laurent},
  journal = {Remote Sensing in Ecology and Conservation},
  volume = {9},
  number = {3},
  pages = {420--433},
  year = {2023},
  doi = {10.1002/rse2.319},
  publisher = {John Wiley \& Sons Ltd on behalf of Zoological Society of London}
}


@article{knipling1970reflectance,
  title = {Physical and Physiological Basis for the Reflectance of Visible and Near-Infrared Radiation from Vegetation},
  author = {Knipling, Edward B.},
  journal = {Remote Sensing of Environment},
  volume = {1},
  pages = {155--159},
  year = {1970},
  publisher = {Elsevier},
  doi = {10.1016/S0034-4257(70)80021-9}
}


@article{dascaliuc2007heat,
  title = {Influence of heat shock on chlorophyll fluorescence of white oak (Quercus pubescens Willd.) leaves},
  author = {Dascaliuc, A. and Ralea, T. and Cuza, P.},
  journal = {Photosynthetica},
  volume = {45},
  number = {3},
  pages = {469--471},
  year = {2007},
  doi = {10.1007/s11099-007-0084-3}
}

@article{devi2024intensity,
  title={Intensity duration and frequency of Heat wave in different phases of MJO over India},
  author={Devi, Rani and Gouda, KC and Lenka, Smrutishree},
  journal={Atmospheric Research},
  volume={300},
  pages={107250},
  year={2024},
  publisher={Elsevier}
}

@article{simolo2022quantifying,
  title={Quantifying the role of variability in future intensification of heat extremes},
  author={Simolo, Claudia and Corti, Susanna},
  journal={Nature Communications},
  volume={13},
  number={7930},
  year={2022},
  doi={10.1038/s41467-022-35571-0},
  publisher={Nature Publishing Group}
}

@article{pansch2018heat,
  title={Heat waves and their significance for a temperate benthic community: A near-natural experimental approach},
  author={Pansch, Christian and Scotti, Marco and Barboza, Francisco R. and others},
  journal={Global Change Biology},
  volume={24},
  number={10},
  pages={4357--4367},
  year={2018},
  doi={10.1111/gcb.14282},
  publisher={Wiley Online Library}
}

@article{stillman2019heat,
  title={Heat Waves, the New Normal: Summertime Temperature Extremes Will Impact Animals, Ecosystems, and Human Communities},
  author={Stillman, Jonathon H.},
  journal={Physiology},
  volume={34},
  number={2},
  pages={86--100},
  year={2019},
  doi={10.1152/physiol.00040.2018},
  publisher={American Physiological Society}
}

@article{smale2019marine,
  title={Marine heatwaves threaten global biodiversity and the provision of ecosystem services},
  author={Smale, Dan A. and Wernberg, Thomas and Oliver, Eric C. J. and others},
  journal={Nature Climate Change},
  volume={9},
  number={4},
  pages={306--312},
  year={2019},
  doi={10.1038/s41558-019-0412-1},
  publisher={Nature Publishing Group}
}

@article{oliver2019projected,
  title={Projected Marine Heatwaves in the 21st Century and the Potential for Ecological Impact},
  author={Oliver, Eric C. J. and Burrows, Michael T. and Donat, Markus G. and others},
  journal={Frontiers in Marine Science},
  volume={6},
  pages={734},
  year={2019},
  doi={10.3389/fmars.2019.00734},
  publisher={Frontiers}
}

@article{russo2023intensity,
  title={Increasing Intensity of Extreme Heatwaves: The Crucial Role of Metrics},
  author={Russo, Emmanuele and Domeisen, Daniela I. V.},
  journal={Geophysical Research Letters},
  volume={50},
  number={10},
  pages={e2023GL103540},
  year={2023},
  doi={10.1029/2023GL103540},
  publisher={Wiley Online Library}
}

@article{mazdiyasni2019hidf,
  title={Heat wave Intensity Duration Frequency Curve: A Multivariate Approach for Hazard and Attribution Analysis},
  author={Mazdiyasni, Omid and Sadegh, Mojtaba and Chiang, Felicia and AghaKouchak, Amir},
  journal={Scientific Reports},
  volume={9},
  pages={14117},
  year={2019},
  doi={10.1038/s41598-019-50643-w},
  publisher={Nature Publishing Group}
}


@book{canadell2021ecosystem,
  title={Ecosystem collapse and climate change},
  author={Canadell, Josep G and Jackson, Robert B},
  year={2021},
  publisher={Springer}
}

@article{massa2009temperature,
  title={Temperature tolerance and survival of intertidal populations of the seagrass Zostera noltii (Hornemann) in Southern Europe (Ria Formosa, Portugal)},
  author={Massa, SI and Arnaud-Haond, Sophie and Pearson, GA and Serr{\~a}o, EA},
  journal={Hydrobiologia},
  volume={619},
  pages={195--201},
  year={2009},
  publisher={Springer}
}

@article{de2022increased,
  title={Increased temperature reduces the positive effect of sulfide-detoxification mutualism on Zostera noltii nutrient uptake and growth},
  author={De Fouw, Jimmy and Rehlmeyer, Katrin and van der Geest, Matthijs and Smolders, Alfons JP and Van Der Heide, Tjisse},
  journal={Marine Ecology Progress Series},
  volume={692},
  pages={43--52},
  year={2022}
}

@article{davies2023multi,
  title={Multi-and hyperspectral classification of soft-bottom intertidal vegetation using a spectral library for coastal biodiversity remote sensing},
  author={Davies, Bede Ffinian Rowe and Gernez, Pierre and Geraud, Andr{\'e}a and Oiry, Simon and Rosa, Philippe and Zoffoli, Maria Laura and Barill{\'e}, Laurent},
  journal={Remote Sensing of Environment},
  volume={290},
  pages={113554},
  year={2023},
  publisher={Elsevier}
}

@article{franssen2014genome,
  title={Genome-wide transcriptomic responses of the seagrasses Zostera marina and Nanozostera noltii under a simulated heatwave confirm functional types},
  author={Franssen, Susanne U and Gu, Jenny and Winters, Gidon and Huylmans, Ann-Kathrin and Wienpahl, Isabell and Sparwel, Maximiliane and Coyer, James A and Olsen, Jeanine L and Reusch, Thorsten BH and Bornberg-Bauer, Erich},
  journal={Marine Genomics},
  volume={15},
  pages={65--73},
  year={2014},
  publisher={Elsevier}
}

@article{davies2024sentinel,
  title={A sentinel watching over inter-tidal seagrass phenology across Western Europe and North Africa},
  author={Davies, Bede Ffinian Rowe and Oiry, Simon and Rosa, Philippe and Zoffoli, Maria Laura and Sousa, Ana I and Thomas, Oliver R and Smale, Dan A and Austen, Melanie C and Biermann, Lauren and Attrill, Martin J and others},
  journal={Communications Earth \& Environment},
  volume={5},
  number={1},
  pages={382},
  year={2024},
  doi={10.1038/s43247-024-01543-z},
  publisher={Nature Publishing Group UK London}
}

@article{davies2024intertidal,
  title={Intertidal seagrass extent from Sentinel-2 time-series show distinct trajectories in Western Europe},
  author={Davies, Bede Ffinian Rowe and Oiry, Simon and Rosa, Philippe and Zoffoli, Maria Laura and Sousa, Ana I and Thomas, Oliver R and Smale, Dan A and Austen, Melanie C and Biermann, Lauren and Attrill, Martin J and others},
  journal={Remote Sensing of Environment},
  volume={312},
  pages={114340},
  year={2024},
  doi={10.1016/j.rse.2024.114340},
  publisher={Elsevier}
}

@article{reusch2005ecosystem,
  title={Ecosystem recovery after climatic extremes enhanced by genotypic diversity},
  author={Reusch, Thorsten BH and Ehlers, Anneli and H{\"a}mmerli, August and Worm, Boris},
  journal={Proceedings of the National Academy of Sciences},
  volume={102},
  number={8},
  pages={2826--2831},
  year={2005},
  doi={10.1073/pnas.0500008102},
  publisher={National Acad Sciences}
}

@article{loarie2009velocity,
  title={The velocity of climate change},
  author={Loarie, Scott R and Duffy, Philip B and Hamilton, Healy and Asner, Gregory P and Field, Christopher B and Ackerly, David D},
  journal={Nature},
  volume={462},
  number={7276},
  pages={1052--1055},
  year={2009},
  publisher={Nature Publishing Group UK London}
}

@article{hughes2004genetic,
  title={Genetic diversity enhances the resistance of a seagrass ecosystem to disturbance},
  author={Hughes, A Randall and Stachowicz, John J},
  journal={Proceedings of the National Academy of Sciences},
  volume={101},
  number={24},
  pages={8998--9002},
  year={2004},
  doi={10.1073/pnas.0402642101},
  publisher={National Acad Sciences}
}

@article{o2018seagrass,
  title={Seagrass ecosystem trajectory depends on the relative timescales of resistance, recovery and disturbance},
  author={O'Brien, Katherine R and Waycott, Michelle and Maxwell, Paul and Kendrick, Gary A and Udy, James W and Ferguson, Angus JP and Kilminster, Kieryn and Scanes, Peter and McKenzie, Len J and McMahon, Kathryn and others},
  journal={Marine Pollution Bulletin},
  volume={134},
  pages={166--176},
  year={2018},
  publisher={Elsevier}
}

@article{hatum2024predicting,
  title={Predicting seagrass ecosystem resilience to marine heatwave events of variable duration, frequency and re-occurrence patterns with gaps},
  author={Hatum, Paula Sobenko and McMahon, Kathryn and Mengersen, Kerrie and Kilminster, Kieryn and Wu, Paul Pao-Yen},
  journal={Aquatic Conservation: Marine and Freshwater Ecosystems},
  volume={34},
  number={6},
  pages={e4210},
  year={2024},
  doi={10.1002/aqc.4210},
  publisher={Wiley Online Library}
}

@article{berger2024eelgrass,
  title={Eelgrass meadow response to heat stress. II. Impacts of ocean warming and marine heatwaves measured by novel metrics},
  author={Berger, Amelie C and Berg, Peter and McGlathery, Karen J and Aoki, Lillian R and Kerns, Kylor},
  journal={Marine Ecology Progress Series},
  volume={736},
  doi={10.3354/meps14588},
  pages={47--62},
  year={2024}
}

@misc{sen2cor,
  title = {Sen2Cor: Sentinel-2 Atmospheric Correction Processor},
  author = {{European Space Agency}},
  year = {2024},
  howpublished = {\url{https://step.esa.int/main/third-party-plugins-2/sen2cor/}},
  note = {Accessed: 2024-10-20},
  institution = {European Space Agency (ESA)},
  abstract = {Sen2Cor is a processor for Sentinel-2 Level-2A product generation and formatting, including atmospheric, terrain, and cirrus correction of Top-Of-Atmosphere Level-1C input data. It provides bottom-of-atmosphere corrected reflectance images in various formats.}
}

@misc{ioc_sea_level_lecy,
  author       = {IOC},
  title        = {Intergovernmental Oceanographic Commission ; Sea Level Monitoring Station - Le Conquet, France (LECY)},
  year         = 2024,
  url = {https://www.ioc-sealevelmonitoring.org/station.php?code=lecy},
  note         = {Accessed: 2024-10-24},
}

@book{shom_ram_2022,
  author    = {SHOM},
  title     = {Service Hydrographique et Océanographique de la Marine ; Références Altimétriques Maritimes: Ports de France métropolitaine et d’outre-mer, Cotes du zéro hydrographique et niveaux caractéristiques de la marée},
  year      = {2022},
  publisher = {Shom},
  address   = {Brest, France},
  isbn      = {978-2-11-139505-3},
  url       = {https://diffusion.shom.fr/references-altimetriques-maritimes-ram.html},
  note      = {Accessed: 2024-10-24},
}


@misc{shom_bathymetry_litto3d_bzh_2018_2021,
  author       = {SHOM},
  title        = {Service Hydrographique et Océanographique de la Marine ; Bathymétrie Litto3D® Bretagne 2018-2021},
  year         = 2021,
  url = {https://services.data.shom.fr/geonetwork/srv/fre/catalog.search#/metadata/BATHYMETRIE_LITTO3D_BZH_2018_2021.xml},
  note         = {Accessed: 2024-10-24},
}

@misc{copernicus_sentinel2,
  title = {Copernicus Open Access Hub},
  author = {{European Space Agency}},
  year = {2024},
  howpublished = {\url{https://scihub.copernicus.eu}},
  note = {Accessed: 2024-10-20},
  institution = {European Space Agency (ESA)},
  abstract = {The Copernicus Open Access Hub (previously known as Sentinels Scientific Data Hub) provides free access to Sentinel-1, Sentinel-2, and Sentinel-3 data, among others. Sentinel-2 data offers high-resolution optical imagery for land monitoring, including features like vegetation, soil, water cover, inland waterways, and coastal areas.}
}

@article{schlegel2017nearshore,
  title={Nearshore and offshore co-occurrence of marine heatwaves and cold-spells},
  author={Schlegel, Robert W and Oliver, Eric CJ and Wernberg, Thomas and Smit, Albertus J},
  journal={Progress in Oceanography},
  volume={151},
  pages={189--205},
  year={2017},
  publisher={Elsevier}
}

@misc{CMEMS_1,
  title={European North West Shelf/Iberia Biscay Irish Seas – High Resolution ODYSSEA Sea Surface Temperature Multi-sensor L3 Observations Reprocessed, E.U. Copernicus Marine Service Information (CMEMS). Marine Data Store (MDS). (Accessed on 17-10-2024)},
  author={CMEMS},
  year={2024},
  doi={10.48670/moi-00311}
}

@article{scott2018role,
  title={The role of herbivory in structuring tropical seagrass ecosystem service delivery},
  author={Scott, Abigail L and York, Paul H and Duncan, Clare and Macreadie, Peter I and Connolly, Rod M and Ellis, Megan T and Jarvis, Jessie C and Jinks, Kristin I and Marsh, Helene and Rasheed, Michael A},
  journal={Frontiers in Plant Science},
  volume={9},
  pages={127},
  year={2018},
  publisher={Frontiers Media SA}
}

@article{ramesh2020seagrass,
  title={Seagrass Ecosystems of Andaman and Nicobar Islands: Status and Future Perspective.},
  author={Ramesh, Chatragadda and Mohanraju, Raju},
  journal={Environmental \& Earth Sciences Research Journal},
  volume={7},
  number={4},
  year={2020}
}

@article{unsworth2022planetary,
  title={The planetary role of seagrass conservation},
  author={Unsworth, Richard KF and Cullen-Unsworth, Leanne C and Jones, Benjamin LH and Lilley, Richard J},
  journal={Science},
  volume={377},
  number={6606},
  pages={609--613},
  year={2022},
  publisher={American Association for the Advancement of Science}
}

@article{sousa2019blue,
  title={Blue Carbon stock in Zostera noltei meadows at Ria de Aveiro coastal lagoon (Portugal) over a decade},
  author={Sousa, Ana I and da Silva, Jos{\'e} Figueiredo and Azevedo, Ana and Lilleb{\o}, Ana I},
  journal={Scientific reports},
  volume={9},
  number={1},
  pages={14387},
  year={2019},
  publisher={Nature Publishing Group UK London}
}

@article{zoffoli2021decadal,
  title={Decadal increase in the ecological status of a North-Atlantic intertidal seagrass meadow observed with multi-mission satellite time-series},
  author={Zoffoli, Maria Laura and Gernez, Pierre and Godet, Laurent and Peters, Steef and Oiry, Simon and Barill{\'e}, Laurent},
  journal={Ecological Indicators},
  volume={130},
  pages={108033},
  year={2021},
  publisher={Elsevier}
}

@article{zoffoli2020sentinel,
  title={Sentinel-2 remote sensing of Zostera noltei-dominated intertidal seagrass meadows},
  author={Zoffoli, Maria Laura and Gernez, Pierre and Rosa, Philippe and Le Bris, Anthony and Brando, Vittorio E and Barill{\'e}, Anne-Laure and Harin, Nicolas and Peters, Steef and Poser, Kathrin and Spaias, Lazaros and others},
  journal={Remote Sensing of Environment},
  volume={251},
  pages={112020},
  year={2020},
  publisher={Elsevier}
}

@article{sandoval2014plant,
  title={Plant–water relations of intertidal and subtidal seagrasses},
  author={Sandoval-Gil, Jose M. and Barrote, Isabel and Silva, Joao and Oliv{\'e}, Irene and Costa, Monya M. and Ruiz, Juan M. and Mar{\'\i}n-Guirao, L{\'a}zaro and S{\'a}nchez-Lizaso, Jose L. and Santos, Rui},
  journal={Marine Ecology},
  volume={36},
  number={6},
  pages={1294--1310},
  year={2015},
  publisher={Blackwell Verlag GmbH}
}


@article{cabaco2009individual,
  title={Individual and population plasticity of the seagrass Zostera noltii along a vertical intertidal gradient},
  author={Cabaço, Susana and Machás, Raquel and Santos, Rui},
  journal={Estuarine, Coastal and Shelf Science},
  volume={82},
  number={2},
  pages={301--308},
  year={2009},
  publisher={Elsevier}
}


@inproceedings{gardner2018global,
  title={Global wetland outlook: state of the world’s wetlands and their services to people},
  author={Gardner, Royal C and Finlayson, C},
  booktitle={Ramsar convention secretariat},
  pages={2020--5},
  year={2018}
}


@article{jankowska2019stabilizing,
  title={Stabilizing effects of seagrass meadows on coastal water benthic food webs},
  author={Jankowska, Emilia and Michel, Lo{\"\i}c N and Lepoint, Gilles and W{\l}odarska-Kowalczuk, Maria},
  journal={Journal of Experimental Marine Biology and Ecology},
  volume={510},
  pages={54--63},
  year={2019},
  publisher={Elsevier}
}

@article{waycott2009accelerating,
  title={Accelerating loss of seagrasses across the globe threatens coastal ecosystems},
  author={Waycott, Michelle and Duarte, Carlos M and Carruthers, Tim JB and Orth, Robert J and Dennison, William C and Olyarnik, Suzanne and Calladine, Ainsley and Fourqurean, James W and Heck Jr, Kenneth L and Hughes, A Randall and others},
  journal={Proceedings of the national academy of sciences},
  volume={106},
  number={30},
  pages={12377--12381},
  year={2009},
  publisher={National Acad Sciences}
}

@article{thomsen2023meadow,
  title={Meadow trophic status regulates the nitrogen filter function of tropical seagrasses in seasonally eutrophic coastal waters},
  author={Thomsen, Esther and Herbeck, Lucia S and Viana, In{\'e}s G and Jennerjahn, Tim C},
  journal={Limnology and Oceanography},
  volume={68},
  number={8},
  pages={1906--1919},
  year={2023},
  publisher={Wiley Online Library}
}

@article{ustin2020optical,
  title={How the optical properties of leaves modify the absorption and scattering of energy and enhance leaf functionality},
  author={Ustin, Susan L and Jacquemoud, St{\'e}phane},
  journal={Remote sensing of plant biodiversity},
  pages={349--384},
  year={2020},
  publisher={Springer International Publishing}
}

@article{sevgi2022bitkilerde,
  title={Bitkilerde a{\u{g}}{\i}r metal stresine verilen fizyolojik ve molek{\"u}ler yan{\i}tlar},
  author={Sevgi, K{\"u}bra and Leblebici, Sema},
  journal={Journal of Anatolian Environmental and Animal Sciences},
  volume={7},
  number={4},
  pages={528--536},
  year={2022},
  publisher={B{\"u}lent VEREP}
}

@article{simpson2016distribution,
  title={Distribution and localised effects of the invasive ascidian Didemnum perlucidum (Monniot 1983) in an urban estuary},
  author={Simpson, Tiffany Schenk and Wernberg, Thomas and McDonald, Justin I},
  journal={PLoS One},
  volume={11},
  number={5},
  pages={e0154201},
  year={2016},
  publisher={Public Library of Science San Francisco, CA USA}
}

@article{guerrero2020heat,
  title={Heat wave intensity can vary the cumulative effects of multiple environmental stressors on Posidonia oceanica seedlings},
  author={Guerrero-Meseguer, Laura and Mar{\'\i}n, Arnaldo and Sanz-L{\'a}zaro, Carlos},
  journal={Marine Environmental Research},
  volume={159},
  pages={105001},
  year={2020},
  publisher={Elsevier}
}

@article{hobday2016hierarchical,
  title={A hierarchical approach to defining marine heatwaves},
  author={Hobday, Alistair J and Alexander, Lisa V and Perkins, Sarah E and Smale, Dan A and Straub, Sandra C and Oliver, Eric CJ and Benthuysen, Jessica A and Burrows, Michael T and Donat, Markus G and Feng, Ming and others},
  journal={Progress in oceanography},
  volume={141},
  pages={227--238},
  year={2016},
  publisher={Elsevier}
}

@article{perkins2013measurement,
  title={On the measurement of heat waves},
  author={Perkins, Sarah E and Alexander, Lisa V},
  journal={Journal of climate},
  volume={26},
  number={13},
  pages={4500--4517},
  year={2013}
}

@article{sawall2021chronically,
  title={Chronically elevated sea surface temperatures revealed high susceptibility of the eelgrass Zostera marina to winter and spring warming},
  author={Sawall, Yvonne and Ito, Maysa and Pansch, Christian},
  journal={Limnology and Oceanography},
  volume={66},
  number={12},
  pages={4112--4124},
  year={2021},
  publisher={Wiley Online Library}
}

@article{deguette2022physiological,
  title={Physiological and morphological effects of a marine heatwave on the seagrass Cymodocea nodosa},
  author={Deguette, Aliz{\'e} and Barrote, Isabel and Silva, Jo{\~a}o},
  journal={Scientific Reports},
  volume={12},
  number={1},
  pages={7950},
  year={2022},
  publisher={Nature Publishing Group UK London}
}

@article{winters2011effects,
  title={Effects of a simulated heat wave on photophysiology and gene expression of high-and low-latitude populations of Zostera marina},
  author={Winters, Gidon and Nelle, Peter and Fricke, Birgit and Rauch, Gisep and Reusch, Thorsten BH},
  journal={Marine Ecology Progress Series},
  volume={435},
  pages={83--95},
  year={2011}
}

@article{papathanasopoulou2019satellite,
  title={Satellite-assisted monitoring of water quality to support the implementation of the Water Framework Directive},
  author={Papathanasopoulou, E and Simis, SGH and Alikas, K and Ansper, A and Anttila, J and Barill{\'e}, A and Barill{\'e}, L and Brando, V and Bresciani, M and Bu{\v{c}}as, M and others},
  journal={EOMORES white paper},
  year={2019}
}

@article{huete2012vegetation,
  title={Vegetation indices, remote sensing and forest monitoring},
  author={Huete, Alfredo R},
  journal={Geography Compass},
  volume={6},
  number={9},
  pages={513--532},
  year={2012},
  publisher={Wiley Online Library}
}

@article{kloos2021agricultural,
  title={Agricultural drought detection with MODIS based vegetation health indices in southeast Germany},
  author={Kloos, Simon and Yuan, Ye and Castelli, Mariapina and Menzel, Annette},
  journal={Remote Sensing},
  volume={13},
  number={19},
  pages={3907},
  year={2021},
  publisher={MDPI}
}

@article{carlan2020identifying,
  title={Identifying urban vegetation stress factors based on open access remote sensing imagery and field observations},
  author={C{\^a}rlan, Irina and Mihai, Bogdan-Andrei and Nistor, Constantin and Gro{\ss}e-Stoltenberg, Andr{\'e}},
  journal={Ecological Informatics},
  volume={55},
  pages={101032},
  year={2020},
  publisher={Elsevier}
}

@inproceedings{akbar2020mangrove,
  title={Mangrove vegetation health index analysis by implementing NDVI (normalized difference vegetation index) classification method on sentinel-2 image data case study: Segara Anakan, Kabupaten Cilacap},
  author={Akbar, MR and Arisanto, PAA and Sukirno, BA and Merdeka, PH and Priadhi, MM and Zallesa, S},
  booktitle={IOP Conference Series: Earth and Environmental Science},
  volume={584},
  pages={012069},
  year={2020},
  organization={IOP Publishing}
}

@inproceedings{skendzic2023drought,
  title={Drought stress in winter wheat-physiological responses and detection using remote and proximal sensing techniques},
  author={Skendzic, Sandra},
  booktitle={Smart Life Sciences and Technology for Sustainable Development},
  pages={39--39},
  year={2023}
}

@article{garbulsky2011photochemical,
  title={The photochemical reflectance index (PRI) and the remote sensing of leaf, canopy and ecosystem radiation use efficiencies: A review and meta-analysis},
  author={Garbulsky, Mart{\'\i}n F and Pe{\~n}uelas, Josep and Gamon, John and Inoue, Yoshio and Filella, Iolanda},
  journal={Remote sensing of environment},
  volume={115},
  number={2},
  pages={281--297},
  year={2011},
  publisher={Elsevier}
}

@article{marien2019detecting,
  title={Detecting the onset of autumn leaf senescence in deciduous forest trees of the temperate zone},
  author={Mari{\"e}n, Bertold and Balzarolo, Manuela and Dox, Inge and Leys, Sebastien and Lor{\`e}ne, Marchand J and Geron, Charly and Portillo-Estrada, Miguel and AbdElgawad, Hamada and Asard, Han and Campioli, Matteo},
  journal={New Phytologist},
  volume={224},
  number={1},
  pages={166--176},
  year={2019},
  publisher={Wiley Online Library}
}

@article{penuelas2004leaf,
  title={Leaf reflectance and photo-and antioxidant protection in field-grown summer-stressed Phillyrea angustifolia. Optical signals of oxidative stress?},
  author={Pe{\~n}uelas, Josep and Munn{\'e}-Bosch, Sergi and Llusi{\`a}, Joan and Filella, Iolanda},
  journal={New Phytologist},
  volume={162},
  number={1},
  pages={115--124},
  year={2004},
  publisher={Wiley Online Library}
}

@article{boyer1988senescence,
  title={Senescence and spectral reflectance in leaves of northern pin oak (Quercus palustris Muenchh.)},
  author={Boyer, M and Miller, J\_ and Belanger, M and Hare, E and Wu, Jiyou},
  journal={Remote Sensing of Environment},
  volume={25},
  number={1},
  pages={71--87},
  year={1988},
  publisher={Elsevier}
}

@article{olmedo2020far,
  title={How far can we classify macroalgae remotely? An example using a new spectral library of species from the south west atlantic (argentine patagonia)},
  author={Olmedo-Masat, O Magal{\'\i} and Raffo, M Paula and Rodr{\'\i}guez-P{\'e}rez, Daniel and Arij{\'o}n, Marianela and S{\'a}nchez-Carnero, Noela},
  journal={Remote Sensing},
  volume={12},
  number={23},
  pages={3870},
  year={2020},
  publisher={MDPI}
}

@article{douay2022new,
  title={New hyperspectral procedure to discriminate intertidal macroalgae},
  author={Douay, Florian and Verpoorter, Charles and Duong, Gwendoline and Spilmont, Nicolas and Gevaert, Fran{\c{c}}ois},
  journal={Remote Sensing},
  volume={14},
  number={2},
  pages={346},
  year={2022},
  publisher={MDPI}
}

@article{rouse1974monitoring,
  title={Monitoring vegetation systems in the Great Plains with ERTS},
  author={Rouse, John Wilson and Haas, R{\"u}diger H and Schell, John A and Deering, Donald W and others},
  journal={NASA Spec. Publ},
  volume={351},
  number={1},
  pages={309},
  year={1974}
}

@article{louhaichi2001spatially,
  title={Spatially located platform and aerial photography for documentation of grazing impacts on wheat},
  author={Louhaichi, Mounir and Borman, Michael M and Johnson, Douglas E},
  journal={Geocarto International},
  volume={16},
  number={1},
  pages={65--70},
  year={2001},
  publisher={Taylor \& Francis}
}

@Article{heatwaveR,
  title = {{heatwaveR}: A central algorithm for the detection of heatwaves and cold-spells},
  author = {Robert W. Schlegel and Albertus J. Smit},
  journal = {Journal of Open Source Software},
  year = {2018},
  volume = {3},
  number = {27},
  pages = {821},
  doi = {10.21105/joss.00821},
}

@article{hobday2018categorizing,
  title={Categorizing and naming marine heatwaves},
  author={Hobday, Alistair J and Oliver, Eric CJ and Gupta, Alex Sen and Benthuysen, Jessica A and Burrows, Michael T and Donat, Markus G and Holbrook, Neil J and Moore, Pippa J and Thomsen, Mads S and Wernberg, Thomas and others},
  journal={Oceanography},
  volume={31},
  number={2},
  pages={162--173},
  year={2018},
  publisher={JSTOR}
}
