@article{aghanim2020resultats,
  title={Les r{\'e}sultats cosmologiques de la mission Planck},
  author={Aghanim, Nabila and Dole, Herv{\'e}},
  journal={Reflets de la physique},
  number={64},
  pages={4--7},
  year={2020},
  publisher={Soci{\'e}t{\'e} Fran{\c{c}}aise de Physique}
}

@article{zhu2021deep,
  title={Deep learning-based predictive identification of neural stem cell differentiation},
  author={Zhu, Yanjing and Huang, Ruiqi and Wu, Zhourui and Song, Simin and Cheng, Liming and Zhu, Rongrong},
  journal={Nature communications},
  volume={12},
  number={1},
  pages={2614},
  year={2021},
  publisher={Nature Publishing Group UK London}
}