@Manual{R-base,
  title = {R: A Language and Environment for Statistical Computing},
  author = {{R Core Team}},
  organization = {R Foundation for Statistical Computing},
  address = {Vienna, Austria},
  year = {2023},
  url = {https://www.R-project.org/},
}

@Manual{R-ranger,
  title = {ranger: A Fast Implementation of Random Forests},
  author = {Marvin N. Wright},
  year = {2024},
  note = {R package version 0.17.0},
  url = {https://imbs-hl.github.io/ranger/},
}

@Manual{R-rsample,
  title = {rsample: General Resampling Infrastructure},
  author = {Hannah Frick and Fanny Chow and Max Kuhn and Michael Mahoney and Julia Silge and Hadley Wickham},
  year = {2024},
  note = {R package version 1.2.1},
  url = {https://rsample.tidymodels.org},
}

@Manual{R-tidymodels,
  title = {tidymodels: Easily Install and Load the Tidymodels Packages},
  author = {Max Kuhn and Hadley Wickham},
  year = {2024},
  note = {R package version 1.2.0},
  url = {https://tidymodels.tidymodels.org},
}

@Manual{R-vegan,
  title = {vegan: Community Ecology Package},
  author = {Jari Oksanen and Gavin L. Simpson and F. Guillaume Blanchet and Roeland Kindt and Pierre Legendre and Peter R. Minchin and R.B. O'Hara and Peter Solymos and M. Henry H. Stevens and Eduard Szoecs and Helene Wagner and Matt Barbour and Michael Bedward and Ben Bolker and Daniel Borcard and Gustavo Carvalho and Michael Chirico and Miquel {De Caceres} and Sebastien Durand and Heloisa Beatriz Antoniazi Evangelista and Rich FitzJohn and Michael Friendly and Brendan Furneaux and Geoffrey Hannigan and Mark O. Hill and Leo Lahti and Dan McGlinn and Marie-Helene Ouellette and Eduardo {Ribeiro Cunha} and Tyler Smith and Adrian Stier and Cajo J.F. {Ter Braak} and James Weedon},
  year = {2024},
  note = {R package version 2.6-8},
  url = {https://github.com/vegandevs/vegan},
}

@Manual{R-vip,
  title = {vip: Variable Importance Plots},
  author = {Brandon M. Greenwell and Brad Boehmke},
  year = {2023},
  note = {R package version 0.4.1},
  url = {https://github.com/koalaverse/vip/},
}

@Manual{R-yardstick,
  title = {yardstick: Tidy Characterizations of Model Performance},
  author = {Max Kuhn and Davis Vaughan and Emil Hvitfeldt},
  year = {2024},
  note = {R package version 1.3.1},
  url = {https://github.com/tidymodels/yardstick},
}

@Article{ranger2017,
  title = {{ranger}: A Fast Implementation of Random Forests for High Dimensional Data in {C++} and {R}},
  author = {Marvin N. Wright and Andreas Ziegler},
  journal = {Journal of Statistical Software},
  year = {2017},
  volume = {77},
  number = {1},
  pages = {1--17},
  doi = {10.18637/jss.v077.i01},
}

@Manual{tidymodels2020,
  title = {Tidymodels: a collection of packages for modeling and machine learning using tidyverse principles.},
  author = {Max Kuhn and Hadley Wickham},
  url = {https://www.tidymodels.org},
  year = {2020},
}

@Article{vip2020,
  title = {Variable Importance Plots---An Introduction to the vip Package},
  author = {Brandon M. Greenwell and Bradley C. Boehmke},
  journal = {The R Journal},
  year = {2020},
  volume = {12},
  number = {1},
  pages = {343--366},
  url = {https://doi.org/10.32614/RJ-2020-013},
}

